
@misc{mathematical_consciousness_science_markov_2020,
	title = {Markov blankets and {Bayesian} mechanics ({Karl} {Friston})},
	url = {https://www.youtube.com/watch?v=j53lfLyFOPA},
	urldate = {2022-10-12},
	author = {{Mathematical Consciousness Science}},
	month = jun,
	year = {2020},
}
